@PhdThesis{VanHasselt11,
  author =       "van Hasselt, Hado Philip",
  title =        "Insights in Reinforcement Learning: formal analysis and empirical evaluation of temporal-difference learning algorithms",
  school =       "Universiteit Utrecht",
  year =         "2011",
  month =     "January",
  url = "http://homepages.cwi.nl/~hasselt/papers/Insights_in_Reinforcement_Learning_Hado_van_Hasselt.pdf",
  bib2html_rescat = "Learning Methods",
}

@PhdThesis{McCallum96,
  author =       "McCallum, Andrew Kachites",
  title =        "Reinforcement Learning with Selective Perception and Hidden State",
  school =       "Computer Science Department, University of Rochester",
  year =         "1996",
  url = "ftp://ftp.cs.rochester.edu/pub/papers/robotics/97.tr611.Reinforcement_learning_with_selective_percptn_and_hdn_state.ps.gz",
  bib2html_rescat = "Partial Observability",
}